% Encoding: UTF-8
%
% LDBG
% Materia: Programaci'on II
%

@Book{Sears,
  author = 	 {Francis W. Sears},
  ALTeditor = 	 {},
  title = 	 {Fundamentos de F\'isica III: \'Optica, Cuarta Edici\'on},
  publisher = 	 {Editorial Aguilar},
  year = 	 {1967},
  OPTkey = 	 {},
  volume = 	 {},
  OPTnumber = 	 {},
  OPTseries = 	 {},
  OPTaddress = 	 {},
  OPTedition = 	 {},
  OPTmonth = 	 {},
  OPTnote = 	 {},
  OPTannote = 	 {}
}


@Book{Rossi,
  author = 	 {Bruno Rossi},
  ALTeditor = 	 {},
  title = 	 {Fundamentos de \'Optica},
  publisher = 	 {Editorial Reverte},
  year = 	 {1978},
  OPTkey = 	 {},
  volume = 	 {},
  OPTnumber = 	 {},
  OPTseries = 	 {},
  OPTaddress = 	 {},
  OPTedition = 	 {},
  OPTmonth = 	 {},
  OPTnote = 	 {},
  OPTannote = 	 {}
}

@Book{Hecht,
  title     = {\'Optica, Sexta Edición},
  publisher = {Addison-Wesley Iberoamericana},
  year      = {2000},
  author    = {Eugene Hecht},
}

@Book{Born,
  title     = {Principles of Optics, 7th Edition},
  publisher = {Pergamon},
  year      = {1970},
  author    = {Max Born; Emil Wolf},
}

@Book{Tipler,
  title     = {Física para la ciencia y la tecnología, Sexta Edición},
  publisher = {Editorial Reverté},
  year      = {2010},
  author    = {Paul A. Tipler; Gene Mosca},
}

@Book{Feynman,
  title     = {The Feynman Lectures on Physics: The Definitive and Extended Edtition},
  publisher = {Addison Wesley},
  year      = {2005},
  author    = {Richard P. Feynman; Robert B. Leighton; Matthew Sands},
}

@Book{Res,
  title     = {Física, Vol. 2, Quinta Edición},
  publisher = {Grupo Patria Cultural},
  year      = {2001},
  author    = {David Halliday; Robert Resnick},
}

@Comment{jabref-meta: databaseType:bibtex;}
